@article{Raykar01012010,
author = {Vikas C. Raykar, Ramani Duraiswami and Linda H. Zhao},
title = {Fast Computation of Kernel Estimators},
journal = {Journal of Computational and Graphical Statistics},
volume = {19},
number = {1},
pages = {205--220},
year = {2010},
publisher = {ASA Website},
doi = {10.1198/jcgs.2010.09046},
URL = {https://doi.org/10.1198/jcgs.2010.09046},
eprint = {https://doi.org/10.1198/jcgs.2010.09046}
}

@article{refId0,
	author = {Węglarczyk, Stanisław},
	title = {Kernel density estimation and its application},
	DOI= "10.1051/itmconf/20182300037",
	URL = "https://doi.org/10.1051/itmconf/20182300037",
	journal = {ITM Web Conf.},
	year = 2018,
	volume = 23,
	pages = "00037",
}

@book{masS,
    author = {Venables, Ripley},
    title = "Modern Applied Statistics with S",
    publisher = "Springer",
    year = 2002,
    URL = "https://www.mimuw.edu.pl/~pokar/StatystykaMgr/Books/VenablesRipley_ModernAppliedStatisticsS02.pdf"
}

@article{gmmKDE,
    author = {Laxhammar, Falkman, Sviestins},
    title = "Anomaly detection in sea traffic - a comparison of the Gaussian Mixture Model and the Kernel Density Estimator",
    publisher = "ResearchGate",
    year = 2009,
    URL =  "https://www.researchgate.net/profile/Rikard-Laxhammar/publication/224577452_Anomaly_detection_in_sea_traffic__A_comparison_of_the_Gaussian_Mixture_Model_and_the_Kernel_Density_Estimator/links/09e4151150e730f0fb000000/Anomaly-detection-in-sea-traffic-A-comparison-of-the-Gaussian-Mixture-Model-and-the-Kernel-Density-Estimator.pdf"
}